
@article{loiDeConservation,
	author 	= 	{Ravindra K. Ahuja, Thomas L. MAgnanti, James B. Orlin},
	title 		= 	{Networks flows },
	year		= 	{1993},
	publisher 	= 	{Prentice-Hall, Inc},
	journal	=	{A Simon \& Schuster Company, Englewood Cliffs, NJ},
	pages	=	{166-196}
}

@article{saxtheorique,
	author 	= 	{ E. Keogh, J. Lin and A. Fu  },
	title 		= 	{ HOT SAX: Efficiently Finding the Most Unusual Time Series Subsequence },
	year		= 	{ Nov 27-30, 2005 },
	journal 	= 	{ In Proc. of the 5th IEEE International Conference on Data Mining },
	volume 	=	{ ICDM2005 },
	pages	=	{ 226 - 233 }
}

@article{paatheorique ,
	author 	= 	{Chonghui Guo, Hailin Li, Donghua Pan },
	title 		= 	{An Improved Piecewise Aggregate Approximation Based on Statistical Features for Time Series Mining  },
	year		= 	{September 1-3, 2010 },
	journal 	= 	{4th International Conference, KSEM 2010 },
	pages	=	{234-244 }
}

@article{ proximalAlgorithms ,
	author 	= 	{ Neal Parik, Stephen Boyd },
	title 		= 	{ proximal algorithms },
	year		= 	{ 2013 },
	publisher	= 	{ NOW Foundation and Trends in optimization  },
	volume 	=	{ 1 },
	number	= 	{ 3  },
	pages	=	{ 142-156 }
}

@article{ BronAndKerbosh,
	author 	= 	{ Bron and Kerbosh},
	title 		= 	{ finding all cliques of an undirected graph},
	year		= 	{ 1973},
	journal 	= 	{ ACM},
	number	= 	{ 16},
	pages	=	{ 575-577}
}

@article{ decompositionEnCliques,
	author 	= 	{Degiorgi Daniele Giorgio, Simon Klaus},
	title 		= 	{ A dynamic algorithm for line graph recognition },
	year		= 	{ 1995 },
	journal 	= 	{ Graph theoretic concepts in computer science (Aachen, 1995) },
	volume 	=	{ lectures Notes in Computer Science, 1017, berlin },
	publisher	= 	{ Springer },
	pages	=	{ 37-48 }
}

@article{ lineGraphe,
	author 	= 	{Harary F.},
	title 		= 	{ 8. line graphs },
	year		= 	{ 1972 },
	journal 	= 	{ Graph theory (PDF) },
	publisher 	=	{ Massachusetts: Addison-Wesley },
	pages	=	{ 71-83 }
}

@article{ decompositionEnCliquesParArcs,
	author 	= 	{ Philippe G.H Lehot},
	title 		= 	{ An Optimal Algorithm to Detect a Line Graph and Output its Root Graph },
	year		= 	{ october 1974 },
	journal 	= 	{ ACM 21(4) },
	pages	=	{ 569-575 }
}

@article{ROUSSOPOULOS1973108,
	title = {"A max m,n algorithm for determining the graph H from its line graph G"},
	journal = {Information Processing Letters},
	volume = {2},
	number = {4},
	pages = { 108 - 112 },
	year = {1973},
	note = {''''},
	issn = { 0020-0190},
	doi = {http://dx.doi.org/10.1016/0020-0190(73)90029-X},
	url =  {http://www.sciencedirect.com/science/article/pii/002001907390029X},
	author = {Nicholas D. Roussopoulos},
	keywords = {graph, maximal subgroup, complete graph, complete bipartite, automorphism}
}
@article{ NAOR1990132,
	title = {An efficient reconstruction of a graph from its line graph in parallel},
	journal = {Journal of Algorithms},
	volume = {11},
	number = {1},
	pages = {132 - 143},
	year = {1990},
	note = {it is possible to compute the root graphe  in $O(log(V))$ time by using the divide-and-conquer scheme and $O(E)$ processors},
	issn = {0196-6774},
	doi = {http://dx.doi.org/10.1016/0196-6774(90)90034-C},
	url = {http://www.sciencedirect.com/science/article/pii/019667749090034C},
	author = {Joseph Naor and Mark B Novick"}
}
@article{whitney1932congruent,
 	 title={Congruent graphs and the connectivity of graphs},
  	author={Whitney, Hassler},
 	 journal={American Journal of Mathematics},
  	volume={54},
 	 number={1},
 	 pages={150--168},
 	 year={1932},
 	 publisher={JSTOR},
 	 note={Concept of root graph was introduced by Whitney and he proved that if two linegraphs are isomorphic and connected, then their root graphs are isomorphic except for the triangle graph.}
}

% \AtEveryBibitem{%
%  \clearfield{note}%
%}
@article{ RNM,
	author 	= 	{Carlos Mateo Domingo, Tom\'as Gomez San Roman, \'Alvaro Sanchez-Miralles},
	title 		= 	{ A Reference Network Model for Large-Scale Distribution Planning With Automatic Street Map Generation  },
	year		= 	{08 July 2010 },
	journal 	= 	{ IEEE Transactions on Power Systems },
	volume 	=	{  26 },
	number	= 	{ 11769694  },
	pages	=	{ 190-197 },
	note  	= 	{an engineering-based reference network model (RNM) is employed to generate a forward-looking benchmark of efficient network expenditures. The RNM designs an efficient distribution network that can accommodate expected growth of distributed energy resources as well as new network smart grid technologies and practices. In short, the RNM helps the regulator ``peer into the future'', reducing both information asymmetry and systemic uncertainty}
}

@article{ britishEnergyNetwork,
	author 	= 	{Phil Lawton},
	title 		= 	{ Balancing the energy network  },
	year		= 	{ 2012},
	journal 	= 	{ IngeniaOnline},
	pages	=	{1-4},
	note 	=	{investissement of UK electricity network, regulation of energy supply, tackling wind imbalances, Maintaining network security, managing gas}
}
